@ARTICLE{2011MNRAS.418L.129K,
   author = {{K{\"o}rding}, E.~G. and {Knigge}, C. and {Tzioumis}, T. and 
	{Fender}, R.},
    title = "{Detection of radio emission from a nova-like cataclysmic variable: evidence of jets?}",
  journal = {\mnras},
 keywords = {novae, cataclysmic variables, ISM: jets and outflows, radio continuum: stars},
     year = 2011,
    month = nov,
   volume = 418,
    pages = {L129-L132},
      doi = {10.1111/j.1745-3933.2011.01158.x},
   adsurl = {http://adsabs.harvard.edu/abs/2011MNRAS.418L.129K},
  adsnote = {Provided by the SAO/NASA Astrophysics Data System}
}

@ARTICLE{1982ApJ...260..716C,
   author = {{Cordova}, F.~A. and {Mason}, K.~O.},
    title = "{High-velocity winds from a dwarf nova during outburst}",
  journal = {\apj},
 keywords = {Dwarf Novae, Stellar Mass Ejection, Stellar Winds, Ultraviolet Spectra, Variable Stars, Absorption Spectra, Binary Stars, Bursts, Iue, Stellar Luminosity, Stellar Spectra, Wind Velocity},
     year = 1982,
    month = sep,
   volume = 260,
    pages = {716-721},
      doi = {10.1086/160291},
   adsurl = {http://adsabs.harvard.edu/abs/1982ApJ...260..716C},
  adsnote = {Provided by the SAO/NASA Astrophysics Data System}
}

@ARTICLE{2006ARA&A..44...49R,
   author = {{Remillard}, R.~A. and {McClintock}, J.~E.},
    title = "{X-Ray Properties of Black-Hole Binaries}",
  journal = {\araa},
   eprint = {astro-ph/0606352},
     year = 2006,
    month = sep,
   volume = 44,
    pages = {49-92},
      doi = {10.1146/annurev.astro.44.051905.092532},
   adsurl = {http://adsabs.harvard.edu/abs/2006ARA%26A..44...49R},
  adsnote = {Provided by the SAO/NASA Astrophysics Data System}
}

@ARTICLE{1997ARA&A..35..607Z,
   author = {{Zensus}, J.~A.},
    title = "{Parsec-Scale Jets in Extragalactic Radio Sources}",
  journal = {\araa},
     year = 1997,
   volume = 35,
    pages = {607-636},
      doi = {10.1146/annurev.astro.35.1.607},
   adsurl = {http://adsabs.harvard.edu/abs/1997ARA%26A..35..607Z},
  adsnote = {Provided by the SAO/NASA Astrophysics Data System}
}

@ARTICLE{1997ApJ...476..291K,
   author = {{Knigge}, C. and {Long}, K.~S. and {Blair}, W.~P. and {Wade}, R.~A.
	},
    title = "{Disks, Winds, and Veiling Curtains: Dissecting the Ultraviolet Spectrum of the Dwarf Nova Z Camelopardalis in Outburst}",
  journal = {\apj},
 keywords = {Accretion, Accretion Disks, Stars: Binaries: Close, Stars: Novae, Cataclysmic Variables, Stars: Individual: Constellation Name: Z Camelopardalis, Stars: Mass Loss, Ultraviolet: Stars},
     year = 1997,
    month = feb,
   volume = 476,
    pages = {291-310},
      doi = {10.1086/303607},
   adsurl = {http://adsabs.harvard.edu/abs/1997ApJ...476..291K},
  adsnote = {Provided by the SAO/NASA Astrophysics Data System}
}

@ARTICLE{1999ARA&A..37..409M,
   author = {{Mirabel}, I.~F. and {Rodr{\'{\i}}guez}, L.~F.},
    title = "{Sources of Relativistic Jets in the Galaxy}",
  journal = {\araa},
   eprint = {astro-ph/9902062},
 keywords = {RADIO CONTINUUM STARS, SUPERLUMINAL MOTION, X-RAYS BINARIES},
     year = 1999,
   volume = 37,
    pages = {409-443},
      doi = {10.1146/annurev.astro.37.1.409},
   adsurl = {http://adsabs.harvard.edu/abs/1999ARA%26A..37..409M},
  adsnote = {Provided by the SAO/NASA Astrophysics Data System}
}

@ARTICLE{1994ApJ...434..446K,
   author = {{Konigl}, A. and {Kartje}, J.~F.},
    title = "{Disk-driven hydromagnetic winds as a key ingredient of active galactic nuclei unification schemes}",
  journal = {\apj},
 keywords = {Accretion Disks, Active Galactic Nuclei, Astronomical Models, Bl Lacertae Objects, Computerized Simulation, Jet Flow, Magnetohydrodynamic Flow, Quasars, Seyfert Galaxies, Stellar Winds, Cosmic Dust, Infrared Spectra, Photoionization, Radiative Transfer, Radio Emission, Ultraviolet Spectra, X Ray Spectra},
     year = 1994,
    month = oct,
   volume = 434,
    pages = {446-467},
      doi = {10.1086/174746},
   adsurl = {http://adsabs.harvard.edu/abs/1994ApJ...434..446K},
  adsnote = {Provided by the SAO/NASA Astrophysics Data System}
}

@ARTICLE{1991ApJ...373...23W,
   author = {{Weymann}, R.~J. and {Morris}, S.~L. and {Foltz}, C.~B. and 
	{Hewett}, P.~C.},
    title = "{Comparisons of the emission-line and continuum properties of broad absorption line and normal quasi-stellar objects}",
  journal = {\apj},
 keywords = {Continuous Radiation, Emission Spectra, Line Spectra, Quasars, Stellar Spectra, Data Reduction, Spectral Line Width, Spectrum Analysis, Statistical Analysis, quasars},
     year = 1991,
    month = may,
   volume = 373,
    pages = {23-53},
      doi = {10.1086/170020},
   adsurl = {http://adsabs.harvard.edu/abs/1991ApJ...373...23W},
  adsnote = {Provided by the SAO/NASA Astrophysics Data System}
}

@ARTICLE{2009A&ARv..17...47T,
   author = {{Turner}, T.~J. and {Miller}, L.},
    title = "{X-ray absorption and reflection in active galactic nuclei}",
  journal = {\aapr},
archivePrefix = "arXiv",
   eprint = {0902.0651},
 primaryClass = "astro-ph.HE",
 keywords = {Galaxies: active, X-rays: galaxies},
     year = 2009,
    month = mar,
   volume = 17,
    pages = {47-104},
      doi = {10.1007/s00159-009-0017-1},
   adsurl = {http://adsabs.harvard.edu/abs/2009A%26ARv..17...47T},
  adsnote = {Provided by the SAO/NASA Astrophysics Data System}
}





@ARTICLE{1931ApJ....74...43H,
   author = {{Hubble}, E. and {Humason}, M.~L.},
    title = "{The Velocity-Distance Relation among Extra-Galactic Nebulae}",
  journal = {\apj},
     year = 1931,
    month = jul,
   volume = 74,
    pages = {43},
      doi = {10.1086/143323},
   adsurl = {http://adsabs.harvard.edu/abs/1931ApJ....74...43H},
  adsnote = {Provided by the SAO/NASA Astrophysics Data System}
}

@ARTICLE{2015ApJ...807..107H,
   author = {{Higginbottom}, N. and {Proga}, D.},
    title = "{Coronae and Winds from Irradiated Disks in X-Ray Binaries}",
  journal = {\apj},
archivePrefix = "arXiv",
   eprint = {1504.03328},
 primaryClass = "astro-ph.HE",
 keywords = {accretion, accretion disks, hydrodynamics, methods: numerical, X-rays: binaries},
     year = 2015,
    month = jul,
   volume = 807,
      eid = {107},
    pages = {107},
      doi = {10.1088/0004-637X/807/1/107},
   adsurl = {http://adsabs.harvard.edu/abs/2015ApJ...807..107H},
  adsnote = {Provided by the SAO/NASA Astrophysics Data System}
}

@ARTICLE{2002ApJ...565.1107P,
   author = {{Podsiadlowski}, P. and {Rappaport}, S. and {Pfahl}, E.~D.},
    title = "{Evolutionary Sequences for Low- and Intermediate-Mass X-Ray Binaries}",
  journal = {\apj},
   eprint = {astro-ph/0107261},
 keywords = {Stars: Binaries: Close, Stars: Pulsars: General, Stars: Neutron, Stars: White Dwarfs, X-Rays: Stars},
     year = 2002,
    month = feb,
   volume = 565,
    pages = {1107-1133},
      doi = {10.1086/324686},
   adsurl = {http://adsabs.harvard.edu/abs/2002ApJ...565.1107P},
  adsnote = {Provided by the SAO/NASA Astrophysics Data System}
}

@INBOOK{2006csxs.book..341V,
   author = {{Verbunt}, F. and {Lewin}, W.~H.~G.},
    title = "{Globular cluster X-ray sources}",
 keywords = {Globular Clusters, X-Ray Sources},
booktitle = {Compact stellar X-ray sources},
     year = 2006,
    month = apr,
   editor = {{Lewin}, W.~H.~G. and {van der Klis}, M.},
    pages = {341-379},
   adsurl = {http://adsabs.harvard.edu/abs/2006csxs.book..341V},
  adsnote = {Provided by the SAO/NASA Astrophysics Data System}
}

@ARTICLE{2004MNRAS.355.1105F,
   author = {{Fender}, R.~P. and {Belloni}, T.~M. and {Gallo}, E.},
    title = "{Towards a unified model for black hole X-ray binary jets}",
  journal = {\mnras},
   eprint = {astro-ph/0409360},
 keywords = {accretion, accretion discs, black hole physics, ISM: jets and outflows, X-rays: binaries},
     year = 2004,
    month = dec,
   volume = 355,
    pages = {1105-1118},
      doi = {10.1111/j.1365-2966.2004.08384.x},
   adsurl = {http://adsabs.harvard.edu/abs/2004MNRAS.355.1105F},
  adsnote = {Provided by the SAO/NASA Astrophysics Data System}
}

@ARTICLE{2016AN....337..368D,
   author = {{D{\'{\i}}az Trigo}, M. and {Boirin}, L.},
    title = "{Accretion disc atmospheres and winds in low-mass X-ray binaries}",
  journal = {Astronomische Nachrichten},
archivePrefix = "arXiv",
   eprint = {1510.03576},
 primaryClass = "astro-ph.HE",
 keywords = {accretion, accretion disks, black hole physics, stars: neutron, techniques: spectroscopy, X-rays: binaries},
     year = 2016,
    month = may,
   volume = 337,
    pages = {368},
      doi = {10.1002/asna.201612315},
   adsurl = {http://adsabs.harvard.edu/abs/2016AN....337..368D},
  adsnote = {Provided by the SAO/NASA Astrophysics Data System}
}

@ARTICLE{2012MNRAS.422L..11P,
   author = {{Ponti}, G. and {Fender}, R.~P. and {Begelman}, M.~C. and {Dunn}, R.~J.~H. and 
	{Neilsen}, J. and {Coriat}, M.},
    title = "{Ubiquitous equatorial accretion disc winds in black hole soft states}",
  journal = {\mnras},
archivePrefix = "arXiv",
   eprint = {1201.4172},
 primaryClass = "astro-ph.HE",
 keywords = {accretion, accretion disc, blackhole physics, methods: observational, techniques: spectroscopic, quasars: absorption lines, X-rays: binaries},
     year = 2012,
    month = may,
   volume = 422,
    pages = {11-15},
      doi = {10.1111/j.1745-3933.2012.01224.x},
   adsurl = {http://adsabs.harvard.edu/abs/2012MNRAS.422L..11P},
  adsnote = {Provided by the SAO/NASA Astrophysics Data System}
}

@ARTICLE{1996ApJ...461..767W,
   author = {{Woods}, D.~T. and {Klein}, R.~I. and {Castor}, J.~I. and {McKee}, C.~F. and 
	{Bell}, J.~B.},
    title = "{X-Ray--heated Coronae and Winds from Accretion Disks: Time-dependent Two-dimensional Hydrodynamics with Adaptive Mesh Refinement}",
  journal = {\apj},
 keywords = {ACCRETION, ACCRETION DISKS, GALAXIES: ACTIVE, HYDRODYNAMICS, STARS: CORONAE, X-RAYS: GALAXIES, X-RAYS: STARS},
     year = 1996,
    month = apr,
   volume = 461,
    pages = {767},
      doi = {10.1086/177101},
   adsurl = {http://adsabs.harvard.edu/abs/1996ApJ...461..767W},
  adsnote = {Provided by the SAO/NASA Astrophysics Data System}
}

@ARTICLE{1983ApJ...271...70B,
   author = {{Begelman}, M.~C. and {McKee}, C.~F. and {Shields}, G.~A.},
    title = "{Compton heated winds and coronae above accretion disks. I Dynamics}",
  journal = {\apj},
 keywords = {Accretion Disks, Stellar Coronas, Stellar Mass Accretion, Stellar Winds, X Ray Astronomy, Active Galactic Nuclei, Binary Stars, Hydrodynamic Equations, Quasars, Stellar Mass Ejection, X Ray Binaries, X Ray Sources},
     year = 1983,
    month = aug,
   volume = 271,
    pages = {70-88},
      doi = {10.1086/161178},
   adsurl = {http://adsabs.harvard.edu/abs/1983ApJ...271...70B},
  adsnote = {Provided by the SAO/NASA Astrophysics Data System}
}

@ARTICLE{2016A&A...589A.119C,
   author = {{Chakravorty}, S. and {Petrucci}, P.-O. and {Ferreira}, J. and 
	{Henri}, G. and {Belmont}, R. and {Clavel}, M. and {Corbel}, S. and 
	{Rodriguez}, J. and {Coriat}, M. and {Drappeau}, S. and {Malzac}, J.
	},
    title = "{Absorption lines from magnetically driven winds in X-ray binaries}",
  journal = {\aap},
archivePrefix = "arXiv",
   eprint = {1512.09149},
 primaryClass = "astro-ph.HE",
 keywords = {magnetohydrodynamics (MHD), X-rays: binaries, stars: black holes, stars: winds, outflows, atomic processes, accretion, accretion disks},
     year = 2016,
    month = may,
   volume = 589,
      eid = {A119},
    pages = {A119},
      doi = {10.1051/0004-6361/201527163},
   adsurl = {http://adsabs.harvard.edu/abs/2016A%26A...589A.119C},
  adsnote = {Provided by the SAO/NASA Astrophysics Data System}
}

@ARTICLE{2006Natur.441..953M,
   author = {{Miller}, J.~M. and {Raymond}, J. and {Fabian}, A. and {Steeghs}, D. and 
	{Homan}, J. and {Reynolds}, C. and {van der Klis}, M. and {Wijnands}, R.
	},
    title = "{The magnetic nature of disk accretion onto black holes}",
  journal = {\nat},
   eprint = {astro-ph/0605390},
     year = 2006,
    month = jun,
   volume = 441,
    pages = {953-955},
      doi = {10.1038/nature04912},
   adsurl = {http://adsabs.harvard.edu/abs/2006Natur.441..953M},
  adsnote = {Provided by the SAO/NASA Astrophysics Data System}
}

@ARTICLE{1992ApJ...385..460E,
   author = {{Emmering}, R.~T. and {Blandford}, R.~D. and {Shlosman}, I.},
    title = "{Magnetic acceleration of broad emission-line clouds in active galactic nuclei}",
  journal = {\apj},
 keywords = {Active Galactic Nuclei, Emission Spectra, Line Shape, Line Spectra, Particle Acceleration, Accretion Disks, Black Holes (Astronomy), Interstellar Gas},
     year = 1992,
    month = feb,
   volume = 385,
    pages = {460-477},
      doi = {10.1086/170955},
   adsurl = {http://adsabs.harvard.edu/abs/1992ApJ...385..460E},
  adsnote = {Provided by the SAO/NASA Astrophysics Data System}
}


@ARTICLE{1982MNRAS.199..883B,
   author = {{Blandford}, R.~D. and {Payne}, D.~G.},
    title = "{Hydromagnetic flows from accretion discs and the production of radio jets}",
  journal = {\mnras},
 keywords = {Astrophysics, Energy Transfer, Magnetohydrodynamic Flow, Momentum Transfer, Radio Jets (Astronomy), Stellar Mass Accretion, Angular Momentum, Black Holes (Astronomy), Critical Point, Disks (Shapes), Solar Corona},
     year = 1982,
    month = jun,
   volume = 199,
    pages = {883-903},
      doi = {10.1093/mnras/199.4.883},
   adsurl = {http://adsabs.harvard.edu/abs/1982MNRAS.199..883B},
  adsnote = {Provided by the SAO/NASA Astrophysics Data System}
}

@ARTICLE{2002ApJ...565..455P,
   author = {{Proga}, D. and {Kallman}, T.~R.},
    title = "{On the Role of the Ultraviolet and X-Ray Radiation in Driving a Disk Wind in X-Ray Binaries}",
  journal = {\apj},
   eprint = {astro-ph/0109064},
 keywords = {Accretion, Accretion Disks, Stars: Binaries: Close, Galaxies: Active, Hydrodynamics, Methods: Numerical, X-Rays: Binaries},
     year = 2002,
    month = jan,
   volume = 565,
    pages = {455-470},
      doi = {10.1086/324534},
   adsurl = {http://adsabs.harvard.edu/abs/2002ApJ...565..455P},
  adsnote = {Provided by the SAO/NASA Astrophysics Data System}
}

@ARTICLE{1985ApJ...294...96S,
   author = {{Shlosman}, I. and {Vitello}, P.~A. and {Shaviv}, G.},
    title = "{Active galactic nuclei - Internal dynamics and formation of emission clouds}",
  journal = {\apj},
 keywords = {Accretion Disks, Active Galactic Nuclei, Black Holes (Astronomy), Cosmic Plasma, Clouds, Emission Spectra, Galactic Structure, Luminosity, Lyman Alpha Radiation, Opacity, Optical Thickness, Photosphere, Steady State, Ultraviolet Spectra},
     year = 1985,
    month = jul,
   volume = 294,
    pages = {96-105},
      doi = {10.1086/163278},
   adsurl = {http://adsabs.harvard.edu/abs/1985ApJ...294...96S},
  adsnote = {Provided by the SAO/NASA Astrophysics Data System}
}



@ARTICLE{1993ApJ...409..372S,
   author = {{Shlosman}, I. and {Vitello}, P.},
    title = "{Winds from accretion disks - Ultraviolet line formation in cataclysmic variables}",
  journal = {\apj},
 keywords = {Accretion Disks, Cataclysmic Variables, Emission Spectra, Stellar Mass Ejection, Stellar Winds, Ultraviolet Radiation, Angular Momentum, Iue, Line Spectra},
     year = 1993,
    month = may,
   volume = 409,
    pages = {372-386},
      doi = {10.1086/172670},
   adsurl = {http://adsabs.harvard.edu/abs/1993ApJ...409..372S},
  adsnote = {Provided by the SAO/NASA Astrophysics Data System}
}

@ARTICLE{1980AJ.....85..329I,
   author = {{Icke}, V.},
    title = "{Gas flow above an alpha disk}",
  journal = {\aj},
 keywords = {Gas Flow, Gravitational Effects, Stellar Atmospheres, Stellar Mass Accretion, Acceleration (Physics), Disks (Shapes), Flow Distribution, Flow Equations, Numerical Flow Visualization, Stellar Luminosity},
     year = 1980,
    month = mar,
   volume = 85,
    pages = {329-347},
      doi = {10.1086/112678},
   adsurl = {http://adsabs.harvard.edu/abs/1980AJ.....85..329I},
  adsnote = {Provided by the SAO/NASA Astrophysics Data System}
}

@ARTICLE{2016ApJ...822...20N,
   author = {{Neilsen}, J. and {Rahoui}, F. and {Homan}, J. and {Buxton}, M.
	},
    title = "{A Super-Eddington, Compton-thick Wind in GRO J1655-40?}",
  journal = {\apj},
archivePrefix = "arXiv",
   eprint = {1603.04070},
 primaryClass = "astro-ph.HE",
 keywords = {accretion, accretion disks, black hole physics, infrared: stars, stars: black holes, stars: winds, outflows},
     year = 2016,
    month = may,
   volume = 822,
      eid = {20},
    pages = {20},
      doi = {10.3847/0004-637X/822/1/20},
   adsurl = {http://adsabs.harvard.edu/abs/2016ApJ...822...20N},
  adsnote = {Provided by the SAO/NASA Astrophysics Data System}
}

@ARTICLE{2012ApJ...746L..20K,
   author = {{King}, A.~L. and {Miller}, J.~M. and {Raymond}, J. and {Fabian}, A.~C. and 
	{Reynolds}, C.~S. and {Kallman}, T.~R. and {Maitra}, D. and 
	{Cackett}, E.~M. and {Rupen}, M.~P.},
    title = "{An Extreme X-Ray Disk Wind in the Black Hole Candidate IGR J17091-3624}",
  journal = {\apjl},
archivePrefix = "arXiv",
   eprint = {1112.3648},
 primaryClass = "astro-ph.HE",
 keywords = {accretion, accretion disks, black hole physics, X-rays: binaries},
     year = 2012,
    month = feb,
   volume = 746,
      eid = {L20},
    pages = {L20},
      doi = {10.1088/2041-8205/746/2/L20},
   adsurl = {http://adsabs.harvard.edu/abs/2012ApJ...746L..20K},
  adsnote = {Provided by the SAO/NASA Astrophysics Data System}
}

@ARTICLE{2010ApJ...719..515L,
   author = {{Luketic}, S. and {Proga}, D. and {Kallman}, T.~R. and {Raymond}, J.~C. and 
	{Miller}, J.~M.},
    title = "{On the Properties of Thermal Disk Winds in X-ray Transient Sources: A Case Study of GRO J1655-40}",
  journal = {\apj},
archivePrefix = "arXiv",
   eprint = {1003.3264},
 primaryClass = "astro-ph.HE",
 keywords = {accretion, accretion disks, hydrodynamics, methods: numerical},
     year = 2010,
    month = aug,
   volume = 719,
    pages = {515-522},
      doi = {10.1088/0004-637X/719/1/515},
   adsurl = {http://adsabs.harvard.edu/abs/2010ApJ...719..515L},
  adsnote = {Provided by the SAO/NASA Astrophysics Data System}
}

@ARTICLE{1986ApJ...306...90S,
   author = {{Shields}, G.~A. and {McKee}, C.~F. and {Lin}, D.~N.~C. and 
	{Begelman}, M.~C.},
    title = "{Compton-heated winds and coronae above accretion disks. II - Instability and oscillations}",
  journal = {\apj},
 keywords = {Accretion Disks, Compton Effect, Magnetohydrodynamic Stability, Plasma Heating, Stellar Oscillations, Stellar Winds, Active Galactic Nuclei, Computational Astrophysics, Plasma Oscillations, Stellar Coronas, Stellar Mass Accretion, Stellar Mass Ejection, X Ray Binaries},
     year = 1986,
    month = jul,
   volume = 306,
    pages = {90-106},
      doi = {10.1086/164322},
   adsurl = {http://adsabs.harvard.edu/abs/1986ApJ...306...90S},
  adsnote = {Provided by the SAO/NASA Astrophysics Data System}
}

@ARTICLE{1992ApJS...80..753S,
   author = {{Stone}, J.~M. and {Norman}, M.~L.},
    title = "{ZEUS-2D: A radiation magnetohydrodynamics code for astrophysical flows in two space dimensions. I - The hydrodynamic algorithms and tests.}",
  journal = {\apjs},
 keywords = {Computational Astrophysics, Cosmic Plasma, Hydrodynamic Equations, Magnetohydrodynamic Flow, Self Consistent Fields, Computational Grids, Finite Difference Theory, Plasma Radiation, Poisson Equation, Radiative Transfer},
     year = 1992,
    month = jun,
   volume = 80,
    pages = {753-790},
      doi = {10.1086/191680},
   adsurl = {http://adsabs.harvard.edu/abs/1992ApJS...80..753S},
  adsnote = {Provided by the SAO/NASA Astrophysics Data System}
}

@ARTICLE{2000ApJ...543..686P,
   author = {{Proga}, D. and {Stone}, J.~M. and {Kallman}, T.~R.},
    title = "{Dynamics of Line-driven Disk Winds in Active Galactic Nuclei}",
  journal = {\apj},
   eprint = {astro-ph/0005315},
 keywords = {Accretion, Accretion Disks, Galaxies: Active, Hydrodynamics, Instabilities, Methods: Numerical},
     year = 2000,
    month = nov,
   volume = 543,
    pages = {686-696},
      doi = {10.1086/317154},
   adsurl = {http://adsabs.harvard.edu/abs/2000ApJ...543..686P},
  adsnote = {Provided by the SAO/NASA Astrophysics Data System}
}

@ARTICLE{2013RMxAA..49..137F,
   author = {{Ferland}, G.~J. and {Porter}, R.~L. and {van Hoof}, P.~A.~M. and 
	{Williams}, R.~J.~R. and {Abel}, N.~P. and {Lykins}, M.~L. and 
	{Shaw}, G. and {Henney}, W.~J. and {Stancil}, P.~C.},
    title = "{The 2013 Release of Cloudy}",
  journal = {\rmxaa},
archivePrefix = "arXiv",
   eprint = {1302.4485},
 primaryClass = "astro-ph.GA",
 keywords = {atomic processes, galaxies: active, methods: numerical, molecular processes, radiation mechanisms: general},
     year = 2013,
    month = apr,
   volume = 49,
    pages = {137-163},
   adsurl = {http://adsabs.harvard.edu/abs/2013RMxAA..49..137F},
  adsnote = {Provided by the SAO/NASA Astrophysics Data System}
}

@ARTICLE{1994ApJ...435..756B,
   author = {{Blondin}, J.~M.},
    title = "{The shadow wind in high-mass X-ray binaries}",
  journal = {\apj},
 keywords = {Accretion Disks, Computerized Simulation, Deposition, Hydrodynamics, Stellar Winds, X Ray Binaries, X Ray Sources, Luminosity, Photoionization, X Ray Astronomy},
     year = 1994,
    month = nov,
   volume = 435,
    pages = {756-766},
      doi = {10.1086/174853},
   adsurl = {http://adsabs.harvard.edu/abs/1994ApJ...435..756B},
  adsnote = {Provided by the SAO/NASA Astrophysics Data System}
}

@ARTICLE{1990ApJ...356..591B,
   author = {{Blondin}, J.~M. and {Kallman}, T.~R. and {Fryxell}, B.~A. and 
	{Taam}, R.~E.},
    title = "{Hydrodynamic simulations of stellar wind disruption by a compact X-ray source}",
  journal = {\apj},
 keywords = {Hydrodynamics, Stellar Mass Accretion, Stellar Winds, X Ray Binaries, Black Holes (Astronomy), Neutron Stars, O Stars, Photoionization, Stellar Gravitation, Stellar Luminosity},
     year = 1990,
    month = jun,
   volume = 356,
    pages = {591-608},
      doi = {10.1086/168865},
   adsurl = {http://adsabs.harvard.edu/abs/1990ApJ...356..591B},
  adsnote = {Provided by the SAO/NASA Astrophysics Data System}
}

@ARTICLE{1973A&A....24..337S,
   author = {{Shakura}, N.~I. and {Sunyaev}, R.~A.},
    title = "{Black holes in binary systems. Observational appearance.}",
  journal = {\aap},
     year = 1973,
   volume = 24,
    pages = {337-355},
   adsurl = {http://adsabs.harvard.edu/abs/1973A%26A....24..337S},
  adsnote = {Provided by the SAO/NASA Astrophysics Data System}
}

@ARTICLE{2016arXiv161004292D,
   author = {{Dyda}, S. and {Dannen}, R. and {Waters}, T. and {Proga}, D.
	},
    title = "{Irradiation of Astrophysical Objects - Efficiency of Thermally Driven Winds on SED and Flux}",
  journal = {ArXiv e-prints},
archivePrefix = "arXiv",
   eprint = {1610.04292},
 primaryClass = "astro-ph.HE",
 keywords = {Astrophysics - High Energy Astrophysical Phenomena},
     year = 2016,
    month = oct,
   adsurl = {http://adsabs.harvard.edu/abs/2016arXiv161004292D},
  adsnote = {Provided by the SAO/NASA Astrophysics Data System}
}

@ARTICLE{2003A&A...404..301R,
   author = {{Ritter}, H. and {Kolb}, U.},
    title = "{Catalogue of cataclysmic binaries, low-mass X-ray binaries   and related objects (Seventh edition)}",
  journal = {\aap},
   eprint = {astro-ph/0301444},
 keywords = {catalogs, stars: novae, cataclysmic variables, stars: binaries: close},
     year = 2003,
    month = jun,
   volume = 404,
    pages = {301-303},
      doi = {10.1051/0004-6361:20030330},
   adsurl = {http://adsabs.harvard.edu/abs/2003A%26A...404..301R},
  adsnote = {Provided by the SAO/NASA Astrophysics Data System}
}


@ARTICLE{2003A&A...409..697M,
   author = {{Maccarone}, T.~J.},
    title = "{Do X-ray binary spectral state transition luminosities vary?}",
  journal = {\aap},
   eprint = {astro-ph/0308036},
 keywords = {accretion, accretion disks, binaries, close, stars: neutron, black hole physics},
     year = 2003,
    month = oct,
   volume = 409,
    pages = {697-706},
      doi = {10.1051/0004-6361:20031146},
   adsurl = {http://adsabs.harvard.edu/abs/2003A%26A...409..697M},
  adsnote = {Provided by the SAO/NASA Astrophysics Data System}
}


@INPROCEEDINGS{2010LNP...794...53B,
   author = {{Belloni}, T.~M.},
    title = "{The Jet Paradigm: from Micro- quasars to Quasars}",
booktitle = {The Jet Paradigm: from Micro- quasars to Quasars},
     year = 2010,
   series = {Lecture Notes in Physics, Berlin Springer Verlag},
   volume = 794,
 primaryClass = "astro-ph.HE",
   editor = {{Belloni}, T.},
    month = mar,
    pages = {53},
      doi = {},
   adsurl = {http://adsabs.harvard.edu/abs/2010LNP...794...53B},
  adsnote = {Provided by the SAO/NASA Astrophysics Data System}
}


@ARTICLE{1994MNRAS.267L..17M,
   author = {{Matt}, G.},
    title = "{Iron K-alpha resonant absorption in warm absorbers around active galactic nuclei}",
  journal = {\mnras},
 keywords = {Iron, K Lines, Absorption Spectra, Active Galactic Nuclei, Astronomical Spectroscopy, Rosat Mission, Ionized Gases, Accretion Disks, Spectral Line Width, Emission Spectra, Optical Thickness},
     year = 1994,
    month = apr,
   volume = 267,
    pages = {L17-L20},
      doi = {10.1093/mnras/267.1.L17},
   adsurl = {http://adsabs.harvard.edu/abs/1994MNRAS.267L..17M},
  adsnote = {Provided by the SAO/NASA Astrophysics Data System}
}

@ARTICLE{2012ARA&A..50..455F,
   author = {{Fabian}, A.~C.},
    title = "{Observational Evidence of Active Galactic Nuclei Feedback}",
  journal = {\araa},
archivePrefix = "arXiv",
   eprint = {1204.4114},
     year = 2012,
    month = sep,
   volume = 50,
    pages = {455-489},
      doi = {10.1146/annurev-astro-081811-125521},
   adsurl = {http://adsabs.harvard.edu/abs/2012ARA%26A..50..455F},
  adsnote = {Provided by the SAO/NASA Astrophysics Data System}
}


@ARTICLE{2013AcPol..53..659D,
   author = {{D{\'{\i}}az Trigo}, M. and {Boirin}, L.},
    title = "{Disc Atmospheres and Winds in X-ray Binaries}",
  journal = {Acta Polytechnica},
archivePrefix = "arXiv",
   eprint = {1210.0318},
 primaryClass = "astro-ph.HE",
     year = 2013,
   volume = 53,
    pages = {659},
   adsurl = {http://adsabs.harvard.edu/abs/2013AcPol..53..659D},
  adsnote = {Provided by the SAO/NASA Astrophysics Data System}
}

@ARTICLE{2008ApJ...672.1091S,
   author = {{Schulz}, N.~S. and {Kallman}, T.~E. and {Galloway}, D.~K. and 
	{Brandt}, W.~N.},
    title = "{The Variable Warm Absorber in Circinus X-1}",
  journal = {\apj},
archivePrefix = "arXiv",
   eprint = {0709.3336},
 keywords = {accretion, accretion disks, binaries: close, stars: individual: Cir X-1, stars: neutron, techniques: spectroscopic, X-rays: stars },
     year = 2008,
    month = jan,
   volume = 672,
      eid = {1091-1102},
    pages = {1091-1102},
      doi = {10.1086/523809},
   adsurl = {http://adsabs.harvard.edu/abs/2008ApJ...672.1091S},
  adsnote = {Provided by the SAO/NASA Astrophysics Data System}
}


@ARTICLE{2009ApJ...701..865K,
   author = {{Kallman}, T.~R. and {Bautista}, M.~A. and {Goriely}, S. and 
	{Mendoza}, C. and {Miller}, J.~M. and {Palmeri}, P. and {Quinet}, P. and 
	{Raymond}, J.},
    title = "{Spectrum Synthesis Modeling of the X-Ray Spectrum of GRO J1655-40 Taken During the 2005 Outburst}",
  journal = {\apj},
archivePrefix = "arXiv",
   eprint = {0905.4206},
 primaryClass = "astro-ph.HE",
 keywords = {accretion, accretion disks, binaries: spectroscopic, black hole physics, relativity},
     year = 2009,
    month = aug,
   volume = 701,
    pages = {865-884},
      doi = {10.1088/0004-637X/701/2/865},
   adsurl = {http://adsabs.harvard.edu/abs/2009ApJ...701..865K},
  adsnote = {Provided by the SAO/NASA Astrophysics Data System}
}

@ARTICLE{1975ApJ...195..157C,
   author = {{Castor}, J.~I. and {Abbott}, D.~C. and {Klein}, R.~I.},
    title = "{Radiation-driven winds in Of stars}",
  journal = {\apj},
 keywords = {Astronomical Models, Line Spectra, O Stars, Radiation Pressure, Stellar Mass Ejection, Stellar Winds, Emission Spectra, Main Sequence Stars, Molecular Oscillators, Optical Thickness, Stellar Atmospheres, Stellar Evolution, Stellar Spectra},
     year = 1975,
    month = jan,
   volume = 195,
    pages = {157-174},
      doi = {10.1086/153315},
   adsurl = {http://adsabs.harvard.edu/abs/1975ApJ...195..157C},
  adsnote = {Provided by the SAO/NASA Astrophysics Data System}
}

@ARTICLE{2000ApJ...537..833N,
   author = {{Nayakshin}, S. and {Kazanas}, D. and {Kallman}, T.~R.},
    title = "{Thermal Instability and Photoionized X-Ray Reflection in Accretion Disks}",
  journal = {\apj},
   eprint = {astro-ph/9909359},
 keywords = {Accretion, Accretion Disks, Line: Formation, Radiation Mechanisms: Nonthermal, Radiative Transfer, X-Rays: General},
     year = 2000,
    month = jul,
   volume = 537,
    pages = {833-852},
      doi = {10.1086/309054},
   adsurl = {http://adsabs.harvard.edu/abs/2000ApJ...537..833N},
  adsnote = {Provided by the SAO/NASA Astrophysics Data System}
}

@BOOK{2003cvs..book.....W,
   author = {{Warner}, B.},
    title = "{Cataclysmic Variable Stars}",
booktitle = {Cataclysmic Variable Stars, by Brian Warner, pp.~592.~ISBN 052154209X.~Cambridge, UK: Cambridge University Press, September 2003.},
     year = 2003,
    month = sep,
    pages = {},
      doi = {10.1017/CB09780511586491},
   adsurl = {http://adsabs.harvard.edu/abs/2003cvs..book.....W},
  adsnote = {Provided by the SAO/NASA Astrophysics Data System}
}

@ARTICLE{2001ApJ...558..448J,
   author = {{Jimenez-Garate}, M.~A. and {Raymond}, J.~C. and {Liedahl}, D.~A. and 
	{Hailey}, C.~J.},
    title = "{X-Ray Line Emission from Evaporating and Condensing Accretion Disk Atmospheres}",
  journal = {\apj},
   eprint = {astro-ph/0105033},
 keywords = {Accretion, Accretion Disks, Atomic Processes, Instabilities, Line: Formation, X-Rays: Binaries},
     year = 2001,
    month = sep,
   volume = 558,
    pages = {448-452},
      doi = {10.1086/322465},
   adsurl = {http://adsabs.harvard.edu/abs/2001ApJ...558..448J},
  adsnote = {Provided by the SAO/NASA Astrophysics Data System}
}


@ARTICLE{1994A&AS..108..287V,
   author = {{Verner}, D.~A. and {Barthel}, P.~D. and {Tytler}, D.},
    title = "{Atomic data for absorption lines from the ground level at wavelengths greater than 228A.}",
  journal = {\aaps},
 keywords = {ATOMIC DATA, QUASARS: ABSORPTION LINES, ULTRAVIOLET: GENERAL},
     year = 1994,
    month = dec,
   volume = 108,
   adsurl = {http://adsabs.harvard.edu/abs/1994A%26AS..108..287V},
  adsnote = {Provided by the SAO/NASA Astrophysics Data System}
}

@ARTICLE{1993ApJ...412..267R,
   author = {{Raymond}, J.~C.},
    title = "{A model of an X-ray-illuminated accretion disk and corona}",
  journal = {\apj},
 keywords = {Accretion Disks, Stellar Coronas, Stellar Models, X Ray Binaries, Abundance, Emission Spectra, Monte Carlo Method, Radiative Transfer, Stellar Luminosity, Stellar Temperature},
     year = 1993,
    month = jul,
   volume = 412,
    pages = {267-277},
      doi = {10.1086/172917},
   adsurl = {http://adsabs.harvard.edu/abs/1993ApJ...412..267R},
  adsnote = {Provided by the SAO/NASA Astrophysics Data System}
}

@ARTICLE{2017ApJ...836...42H,
   author = {{Higginbottom}, N. and {Proga}, D. and {Knigge}, C. and {Long}, K.~S.
	},
    title = "{Thermal Disk Winds in X-Ray Binaries: Realistic Heating and Cooling Rates Give Rise to Slow, but Massive, Outflows}",
  journal = {\apj},
archivePrefix = "arXiv",
   eprint = {1612.08996},
 primaryClass = "astro-ph.HE",
 keywords = {accretion, accretion disks, hydrodynamics, methods: numerical, X-rays: binaries},
     year = 2017,
    month = feb,
   volume = 836,
      eid = {42},
    pages = {42},
      doi = {10.3847/1538-4357/836/1/42},
   adsurl = {http://adsabs.harvard.edu/abs/2017ApJ...836...42H},
  adsnote = {Provided by the SAO/NASA Astrophysics Data System}
}

@ARTICLE{2016arXiv161209377D,
   author = {{Done}, C. and {Tomaru}, R. and {Takahashi}, T.},
    title = "{Thermal Winds in Stellar Mass Black Hole and Neutron Star Binary Systems}",
  journal = {ArXiv e-prints},
archivePrefix = "arXiv",
   eprint = {1612.09377},
 primaryClass = "astro-ph.HE",
 keywords = {Astrophysics - High Energy Astrophysical Phenomena},
     year = 2016,
    month = dec,
   adsurl = {http://adsabs.harvard.edu/abs/2016arXiv161209377D},
  adsnote = {Provided by the SAO/NASA Astrophysics Data System}
}


@ARTICLE{2018MNRAS.473..838D,
   author = {{Done}, C. and {Tomaru}, R. and {Takahashi}, T.},
    title = "{Thermal winds in stellar mass black hole and neutron star binary systems}",
  journal = {\mnras},
 keywords = {accretion, accretion discs, black hole physics, magnetic fields, X-rays: binaries},
     year = 2018,
    month = jan,
   volume = 473,
    pages = {838-848},
      doi = {10.1093/mnras/stx2400},
   adsurl = {http://adsabs.harvard.edu/abs/2018MNRAS.473..838D},
  adsnote = {Provided by the SAO/NASA Astrophysics Data System}
}

@ARTICLE{2017MNRAS.467.4161D,
   author = {{Dyda}, S. and {Dannen}, R. and {Waters}, T. and {Proga}, D.
	},
    title = "{Irradiation of astrophysical objects - SED and flux effects on thermally driven winds}",
  journal = {\mnras},
archivePrefix = "arXiv",
   eprint = {1610.04292},
 primaryClass = "astro-ph.HE",
 keywords = {hydrodynamics, methods: numerical, stars: winds, outflows, galaxies: active, X-rays: binaries},
     year = 2017,
    month = jun,
   volume = 467,
    pages = {4161-4173},
      doi = {10.1093/mnras/stx406},
   adsurl = {http://adsabs.harvard.edu/abs/2017MNRAS.467.4161D},
  adsnote = {Provided by the SAO/NASA Astrophysics Data System}
}

@ARTICLE{1987A&A...178..137F,
   author = {{Frank}, J. and {King}, A.~R. and {Lasota}, J.-P.},
    title = "{The light curves of low-mass X-ray binaries}",
  journal = {\aap},
 keywords = {Light Curve, Stellar Coronas, Stellar Mass Accretion, X Ray Binaries, Dipping, Eclipses, Ionization, Stellar Models},
     year = 1987,
    month = may,
   volume = 178,
    pages = {137-142},
   adsurl = {http://adsabs.harvard.edu/abs/1987A%26A...178..137F},
  adsnote = {Provided by the SAO/NASA Astrophysics Data System}
 }
 
 @ARTICLE{2008ApJ...680.1359M,
   author = {{Miller}, J.~M. and {Raymond}, J. and {Reynolds}, C.~S. and 
	{Fabian}, A.~C. and {Kallman}, T.~R. and {Homan}, J.},
    title = "{The Accretion Disk Wind in the Black Hole GRO J1655-40}",
  journal = {\apj},
archivePrefix = "arXiv",
   eprint = {0802.2026},
 keywords = {accretion, accretion disks, binaries: spectroscopic: GRO J1655{\ndash}40, black hole physics, relativity},
     year = 2008,
    month = jun,
   volume = 680,
      eid = {1359-1377},
    pages = {1359-1377},
      doi = {10.1086/588521},
   adsurl = {http://adsabs.harvard.edu/abs/2008ApJ...680.1359M},
  adsnote = {Provided by the SAO/NASA Astrophysics Data System}
}

@ARTICLE{2006ApJ...652L.117N,
   author = {{Netzer}, H.},
    title = "{A Thermal Wind Model for the X-Ray Outflow in GRO J1655-40}",
  journal = {\apjl},
   eprint = {astro-ph/0610231},
 keywords = {Accretion, Accretion Disks, Stars: Binaries: Spectroscopic, Black Hole Physics, Stars: Individual: Alphanumeric: GRO J1655-40, X-Rays: Stars},
     year = 2006,
    month = dec,
   volume = 652,
    pages = {L117-L120},
      doi = {10.1086/510067},
   adsurl = {http://adsabs.harvard.edu/abs/2006ApJ...652L.117N},
  adsnote = {Provided by the SAO/NASA Astrophysics Data System}
}

@ARTICLE{2014ApJ...784L...5N,
   author = {{Neilsen}, J. and {Coriat}, M. and {Fender}, R. and {Lee}, J.~C. and 
	{Ponti}, G. and {Tzioumis}, A.~K. and {Edwards}, P.~G. and {Broderick}, J.~W.
	},
    title = "{A Link between X-Ray Emission Lines and Radio Jets in 4U 1630-47?}",
  journal = {\apjl},
archivePrefix = "arXiv",
   eprint = {1402.5140},
 primaryClass = "astro-ph.HE",
 keywords = {accretion, accretion disks, black hole physics, stars: winds, outflows, X-rays: binaries, X-rays: individual: 4U 1630-47},
     year = 2014,
    month = mar,
   volume = 784,
      eid = {L5},
    pages = {L5},
      doi = {10.1088/2041-8205/784/1/L5},
   adsurl = {http://adsabs.harvard.edu/abs/2014ApJ...784L...5N},
  adsnote = {Provided by the SAO/NASA Astrophysics Data System}
}

@ARTICLE{2011ApJ...731L...7M,
   author = {{Miller}, J.~M. and {Maitra}, D. and {Cackett}, E.~M. and {Bhattacharyya}, S. and 
	{Strohmayer}, T.~E.},
    title = "{A Fast X-ray Disk Wind in the Transient Pulsar IGR J17480-2446 in Terzan 5}",
  journal = {\apjl},
archivePrefix = "arXiv",
   eprint = {1101.2377},
 primaryClass = "astro-ph.HE",
 keywords = {accretion, accretion disks, globular clusters: individual: Terzan 5, pulsars: individual: IGR J17480-2446, stars: neutron},
     year = 2011,
    month = apr,
   volume = 731,
      eid = {L7},
    pages = {L7},
      doi = {10.1088/2041-8205/731/1/L7},
   adsurl = {http://adsabs.harvard.edu/abs/2011ApJ...731L...7M},
  adsnote = {Provided by the SAO/NASA Astrophysics Data System}
}

@ARTICLE{2006ApJ...646..394M,
   author = {{Miller}, J.~M. and {Raymond}, J. and {Homan}, J. and {Fabian}, A.~C. and 
	{Steeghs}, D. and {Wijnands}, R. and {Rupen}, M. and {Charles}, P. and 
	{van der Klis}, M. and {Lewin}, W.~H.~G.},
    title = "{Simultaneous Chandra and RXTE Spectroscopy of the Microquasar H1743-322: Clues to Disk Wind and Jet Formation from a Variable Ionized Outflow}",
  journal = {\apj},
   eprint = {astro-ph/0406272},
 keywords = {Accretion, Accretion Disks, Black Hole Physics, Relativity, Stars: Individual: Alphanumeric: H1743-322, X-Rays: Binaries},
     year = 2006,
    month = jul,
   volume = 646,
    pages = {394-406},
      doi = {10.1086/504673},
   adsurl = {http://adsabs.harvard.edu/abs/2006ApJ...646..394M},
  adsnote = {Provided by the SAO/NASA Astrophysics Data System}
}

@ARTICLE{2002ApJ...579..725L,
   author = {{Long}, K.~S. and {Knigge}, C.},
    title = "{Modeling the Spectral Signatures of Accretion Disk Winds: A New Monte Carlo Approach}",
  journal = {\apj},
   eprint = {astro-ph/0208011},
 keywords = {Accretion, Accretion Disks, Stars: Binaries: Close, Stars: Novae, Cataclysmic Variables, Stars: Individual: Constellation Name: Z Camelopardalis, Stars: Mass Loss},
     year = 2002,
    month = nov,
   volume = 579,
    pages = {725-740},
      doi = {10.1086/342879},
   adsurl = {http://adsabs.harvard.edu/abs/2002ApJ...579..725L},
  adsnote = {Provided by the SAO/NASA Astrophysics Data System}
}

@ARTICLE{2015MNRAS.451..475U,
   author = {{Uttley}, P. and {Klein-Wolt}, M.},
    title = "{The remarkable timing properties of a `hypersoft' state in GRO J1655-40}",
  journal = {\mnras},
archivePrefix = "arXiv",
   eprint = {1504.08313},
 primaryClass = "astro-ph.HE",
 keywords = {accretion, accretion discs, X-rays: binaries, X-rays: individual (GRO J1655-40)},
     year = 2015,
    month = jul,
   volume = 451,
    pages = {475-485},
      doi = {10.1093/mnras/stv978},
   adsurl = {http://adsabs.harvard.edu/abs/2015MNRAS.451..475U},
  adsnote = {Provided by the SAO/NASA Astrophysics Data System}
}

@ARTICLE{2016ApJ...823..159S,
   author = {{Shidatsu}, M. and {Done}, C. and {Ueda}, Y.},
    title = "{An Optically Thick Disk Wind in GRO J1655-40?}",
  journal = {\apj},
archivePrefix = "arXiv",
   eprint = {1604.04346},
 primaryClass = "astro-ph.HE",
 keywords = {accretion, accretion disks, black hole physics, X-rays: binaries, X-rays: individual: GRO J1655{\ndash}40},
     year = 2016,
    month = jun,
   volume = 823,
      eid = {159},
    pages = {159},
      doi = {10.3847/0004-637X/823/2/159},
   adsurl = {http://adsabs.harvard.edu/abs/2016ApJ...823..159S},
  adsnote = {Provided by the SAO/NASA Astrophysics Data System}
}

@ARTICLE{2012ApJ...750...27N,
   author = {{Neilsen}, J. and {Homan}, J.},
    title = "{A Hybrid Magnetically/Thermally Driven Wind in the Black Hole GRO J1655-40?}",
  journal = {\apj},
archivePrefix = "arXiv",
   eprint = {1202.6053},
 primaryClass = "astro-ph.HE",
 keywords = {accretion, accretion disks, black hole physics, stars: winds, outflows, X-rays: binaries, X-rays: individual: GRO J1655-40},
     year = 2012,
    month = may,
   volume = 750,
      eid = {27},
    pages = {27},
      doi = {10.1088/0004-637X/750/1/27},
   adsurl = {http://adsabs.harvard.edu/abs/2012ApJ...750...27N},
  adsnote = {Provided by the SAO/NASA Astrophysics Data System}
}

@ARTICLE{2001ApJ...554.1290G,
   author = {{Greene}, J. and {Bailyn}, C.~D. and {Orosz}, J.~A.},
    title = "{Optical and Infrared Photometry of the Microquasar GRO J1655-40 in Quiescence}",
  journal = {\apj},
   eprint = {astro-ph/0101337},
 keywords = {Accretion, Accretion Disks, Stars: Binaries: Close, Black Hole Physics, stars: individual (GRO J1655-40), X-Rays: Stars},
     year = 2001,
    month = jun,
   volume = 554,
    pages = {1290-1297},
      doi = {10.1086/321411},
   adsurl = {http://adsabs.harvard.edu/abs/2001ApJ...554.1290G},
  adsnote = {Provided by the SAO/NASA Astrophysics Data System}
}

@ARTICLE{2002ApJ...567.1102L,
   author = {{Lee}, J.~C. and {Reynolds}, C.~S. and {Remillard}, R. and {Schulz}, N.~S. and 
	{Blackman}, E.~G. and {Fabian}, A.~C.},
    title = "{High-Resolution Chandra HETGS and Rossi X-Ray Timing Explorer Observations of GRS 1915+105: A Hot Disk Atmosphere and Cold Gas Enriched in Iron and Silicon}",
  journal = {\apj},
   eprint = {astro-ph/0208187},
 keywords = {Accretion, Accretion Disks, Techniques: Spectroscopic, X-Rays: Binaries, X-rays: individual (GRS 1915+105)},
     year = 2002,
    month = mar,
   volume = 567,
    pages = {1102-1111},
      doi = {10.1086/338588},
   adsurl = {http://adsabs.harvard.edu/abs/2002ApJ...567.1102L},
  adsnote = {Provided by the SAO/NASA Astrophysics Data System}
}

@ARTICLE{2001ApJS..133..221K,
   author = {{Kallman}, T. and {Bautista}, M.},
    title = "{Photoionization and High-Density Gas}",
  journal = {\apjs},
 keywords = {Atomic Processes, Radiation Mechanisms: Thermal, Radiative Transfer, Ultraviolet: General, X-Rays: General},
     year = 2001,
    month = mar,
   volume = 133,
    pages = {221-253},
      doi = {10.1086/319184},
   adsurl = {http://adsabs.harvard.edu/abs/2001ApJS..133..221K},
  adsnote = {Provided by the SAO/NASA Astrophysics Data System}
}

@ARTICLE{2013MNRAS.436.1390H,
   author = {{Higginbottom}, N. and {Knigge}, C. and {Long}, K.~S. and {Sim}, S.~A. and 
	{Matthews}, J.~H.},
    title = "{A simple disc wind model for broad absorption line quasars}",
  journal = {\mnras},
archivePrefix = "arXiv",
   eprint = {1308.5973},
 primaryClass = "astro-ph.CO",
 keywords = {radiative transfer, methods: numerical, galaxies: active, quasars: absorption lines, quasars: general},
     year = 2013,
    month = dec,
   volume = 436,
    pages = {1390-1407},
      doi = {10.1093/mnras/stt1658},
   adsurl = {http://adsabs.harvard.edu/abs/2013MNRAS.436.1390H},
  adsnote = {Provided by the SAO/NASA Astrophysics Data System}
}

@ARTICLE{2015MNRAS.450.3331M,
   author = {{Matthews}, J.~H. and {Knigge}, C. and {Long}, K.~S. and {Sim}, S.~A. and 
	{Higginbottom}, N.},
    title = "{The impact of accretion disc winds on the optical spectra of cataclysmic variables}",
  journal = {\mnras},
archivePrefix = "arXiv",
   eprint = {1504.05590},
 primaryClass = "astro-ph.SR",
 keywords = {accretion, accretion discs, line: profiles, radiative transfer, methods: numerical, novae, cataclysmic variables, stars: winds, outflows},
     year = 2015,
    month = jul,
   volume = 450,
    pages = {3331-3344},
      doi = {10.1093/mnras/stv867},
   adsurl = {http://adsabs.harvard.edu/abs/2015MNRAS.450.3331M},
  adsnote = {Provided by the SAO/NASA Astrophysics Data System}
}

@ARTICLE{2014ApJ...789...19H,
   author = {{Higginbottom}, N. and {Proga}, D. and {Knigge}, C. and {Long}, K.~S. and 
	{Matthews}, J.~H. and {Sim}, S.~A.},
    title = "{Line-driven Disk Winds in Active Galactic Nuclei: The Critical Importance of Ionization and Radiative Transfer}",
  journal = {\apj},
archivePrefix = "arXiv",
   eprint = {1402.1849},
 keywords = {accretion, accretion disks, galaxies: active, methods: numerical, quasars: general, radiative transfer },
     year = 2014,
    month = jul,
   volume = 789,
      eid = {19},
    pages = {19},
      doi = {10.1088/0004-637X/789/1/19},
   adsurl = {http://adsabs.harvard.edu/abs/2014ApJ...789...19H},
  adsnote = {Provided by the SAO/NASA Astrophysics Data System}
}

@ARTICLE{2010MNRAS.404.1369S,
   author = {{Sim}, S.~A. and {Miller}, L. and {Long}, K.~S. and {Turner}, T.~J. and 
	{Reeves}, J.~N.},
    title = "{Multidimensional modelling of X-ray spectra for AGN accretion disc outflows - II}",
  journal = {\mnras},
archivePrefix = "arXiv",
   eprint = {1002.0544},
 primaryClass = "astro-ph.HE",
 keywords = {radiative transfer, methods: numerical, galaxies: active, galaxies: individual: PG1211+143, X-rays: galaxies},
     year = 2010,
    month = may,
   volume = 404,
    pages = {1369-1384},
      doi = {10.1111/j.1365-2966.2010.16396.x},
   adsurl = {http://adsabs.harvard.edu/abs/2010MNRAS.404.1369S},
  adsnote = {Provided by the SAO/NASA Astrophysics Data System}
}

@ARTICLE{1990A&A...235..162V,
   author = {{Vrtilek}, S.~D. and {Raymond}, J.~C. and {Garcia}, M.~R. and 
	{Verbunt}, F. and {Hasinger}, G. and {Kurster}, M.},
    title = "{Observations of Cygnus X-2 with IUE - Ultraviolet results from a multiwavelength campaign}",
  journal = {\aap},
 keywords = {Neutron Stars, Ultraviolet Astronomy, Ultraviolet Spectra, X Ray Binaries, Cygnus Constellation, Emission Spectra, Iue, Stellar Composition, Stellar Models, Stellar Spectra},
     year = 1990,
    month = aug,
   volume = 235,
    pages = {162-173},
   adsurl = {http://adsabs.harvard.edu/abs/1990A%26A...235..162V},
  adsnote = {Provided by the SAO/NASA Astrophysics Data System}
}  


@ARTICLE{1993ApJ...412..267R,
   author = {{Raymond}, J.~C.},
    title = "{A model of an X-ray-illuminated accretion disk and corona}",
  journal = {\apj},
 keywords = {Accretion Disks, Stellar Coronas, Stellar Models, X Ray Binaries, Abundance, Emission Spectra, Monte Carlo Method, Radiative Transfer, Stellar Luminosity, Stellar Temperature},
     year = 1993,
    month = jul,
   volume = 412,
    pages = {267-277},
      doi = {10.1086/172917},
   adsurl = {http://adsabs.harvard.edu/abs/1993ApJ...412..267R},
  adsnote = {Provided by the SAO/NASA Astrophysics Data System}
}


@ARTICLE{1994ApJ...431..273K,
   author = {{Ko}, Y.-K. and {Kallman}, T.~R.},
    title = "{Emission lines from X-ray-heated accretion disks in low-mass X-ray binaries}",
  journal = {\apj},
 keywords = {Accretion Disks, Emission Spectra, Line Spectra, Stellar Coronas, Stellar Mass Accretion, X Ray Binaries, Abundance, Astronomical Models, Compton Effect, Photoionization, Spectrum Analysis, Temperature Distribution, X Ray Spectra},
     year = 1994,
    month = aug,
   volume = 431,
    pages = {273-301},
      doi = {10.1086/174485},
   adsurl = {http://adsabs.harvard.edu/abs/1994ApJ...431..273K},
  adsnote = {Provided by the SAO/NASA Astrophysics Data System}
}

@ARTICLE{2002ApJ...581.1297J,
   author = {{Jimenez-Garate}, M.~A. and {Raymond}, J.~C. and {Liedahl}, D.~A.
	},
    title = "{The Structure and X-Ray Recombination Emission of a Centrally Illuminated Accretion Disk Atmosphere and Corona}",
  journal = {\apj},
   eprint = {astro-ph/0208488},
 keywords = {Accretion, Accretion Disks, Atomic Processes, Instabilities, Line: Formation, X-Rays: Binaries},
     year = 2002,
    month = dec,
   volume = 581,
    pages = {1297-1327},
      doi = {10.1086/344364},
   adsurl = {http://adsabs.harvard.edu/abs/2002ApJ...581.1297J},
  adsnote = {Provided by the SAO/NASA Astrophysics Data System}
}

@ARTICLE{2018MNRAS.479.3651H,
   author = {{Higginbottom}, N. and {Knigge}, C. and {Long}, K.~S. and {Matthews}, J.~H. and 
	{Sim}, S.~A. and {Hewitt}, H.~A.},
    title = "{Radiation-hydrodynamic simulations of thermally driven disc winds in X-ray binaries: a direct comparison to GRO J1655-40}",
  journal = {\mnras},
archivePrefix = "arXiv",
   eprint = {1806.04887},
 primaryClass = "astro-ph.HE",
 keywords = {Accretion discs, hydrodynamics, methods: numerical, stars: winds, X-rays: binaries},
     year = 2018,
    month = sep,
   volume = 479,
    pages = {3651-3662},
      doi = {10.1093/mnras/sty1599},
   adsurl = {http://adsabs.harvard.edu/abs/2018MNRAS.479.3651H},
  adsnote = {Provided by the SAO/NASA Astrophysics Data System}
}

@ARTICLE{2004MNRAS.349..393D,
   author = {{Done}, C. and {Wardzi{\'n}ski}, G. and {Gierli{\'n}ski}, M.
	},
    title = "{GRS 1915+105: the brightest Galactic black hole}",
  journal = {\mnras},
   eprint = {astro-ph/0308536},
 keywords = {accretion, accretion discs, X-rays: binaries, X-rays: individual: GRS 1915+105},
     year = 2004,
    month = apr,
   volume = 349,
    pages = {393-403},
      doi = {10.1111/j.1365-2966.2004.07545.x},
   adsurl = {http://adsabs.harvard.edu/abs/2004MNRAS.349..393D},
  adsnote = {Provided by the SAO/NASA Astrophysics Data System}
}

@ARTICLE{2017MNRAS.468.4748C,
   author = {{Court}, J.~M.~C. and {Altamirano}, D. and {Pereyra}, M. and 
	{Boon}, C.~M. and {Yamaoka}, K. and {Belloni}, T. and {Wijnands}, R. and 
	{Pahari}, M.},
    title = "{An atlas of exotic variability in IGR J17091-3624: a comparison with GRS 1915+105}",
  journal = {\mnras},
archivePrefix = "arXiv",
   eprint = {1703.09572},
 primaryClass = "astro-ph.HE",
 keywords = {accretion, accretion discs, instabilities, X-rays: binaries, X-rays: individual: GRS 1915+105, X-rays: individual: IGR J17091-3624},
     year = 2017,
    month = jul,
   volume = 468,
    pages = {4748-4771},
      doi = {10.1093/mnras/stx773},
   adsurl = {http://adsabs.harvard.edu/abs/2017MNRAS.468.4748C},
  adsnote = {Provided by the SAO/NASA Astrophysics Data System}
}

@ARTICLE{1994ApJS...92..469C,
   author = {{Castro-Tirado}, A.~J. and {Brandt}, S. and {Lund}, N. and {Lapshov}, I. and 
	{Sunyaev}, R.~A. and {Shlyapnikov}, A.~A. and {Guziy}, S. and 
	{Pavlenko}, E.~P.},
    title = "{Discovery and observations by watch of the X-ray transient GRS 1915+105}",
  journal = {\apjs},
 keywords = {Bursts, X Ray Astronomy, X Ray Binaries, Flux (Rate), Gamma Ray Astronomy, Light Curve, Molecular Clouds, Position (Location)},
     year = 1994,
    month = jun,
   volume = 92,
    pages = {469-472},
      doi = {10.1086/191998},
   adsurl = {http://adsabs.harvard.edu/abs/1994ApJS...92..469C},
  adsnote = {Provided by the SAO/NASA Astrophysics Data System}
}

@ARTICLE{2016ApJ...833..165Z,
   author = {{Zoghbi}, A. and {Miller}, J.~M. and {King}, A.~L. and {Miller}, M.~C. and 
	{Proga}, D. and {Kallman}, T. and {Fabian}, A.~C. and {Harrison}, F.~A. and 
	{Kaastra}, J. and {Raymond}, J. and {Reynolds}, C.~S. and {Boggs}, S.~E. and 
	{Christensen}, F.~E. and {Craig}, W. and {Hailey}, C.~J. and 
	{Stern}, D. and {Zhang}, W.~W.},
    title = "{Disk-Wind Connection during the Heartbeats of GRS 1915+105}",
  journal = {\apj},
archivePrefix = "arXiv",
   eprint = {1610.05772},
 primaryClass = "astro-ph.HE",
 keywords = {accretion, accretion disks, instabilities, X-rays: binaries, X-rays: individual: GRS 1915+105},
     year = 2016,
    month = dec,
   volume = 833,
      eid = {165},
    pages = {165},
      doi = {10.3847/1538-4357/833/2/165},
   adsurl = {http://adsabs.harvard.edu/abs/2016ApJ...833..165Z},
  adsnote = {Provided by the SAO/NASA Astrophysics Data System}
}

@ARTICLE{2018ApJ...861...26A,
   author = {{Allen}, J.~L. and {Schulz}, N.~S. and {Homan}, J. and {Neilsen}, J. and 
	{Nowak}, M.~A. and {Chakrabarty}, D.},
    title = "{The Disk Wind in the Neutron Star Low-mass X-Ray Binary GX 13+1}",
  journal = {\apj},
archivePrefix = "arXiv",
   eprint = {1806.08800},
 primaryClass = "astro-ph.HE",
 keywords = {accretion, accretion disks, stars: neutron, techniques: spectroscopic, X-rays: binaries, X-rays: individual: GX 13+1},
     year = 2018,
    month = jul,
   volume = 861,
      eid = {26},
    pages = {26},
      doi = {10.3847/1538-4357/aac2d1},
   adsurl = {http://adsabs.harvard.edu/abs/2018ApJ...861...26A},
  adsnote = {Provided by the SAO/NASA Astrophysics Data System}
}

@ARTICLE{2003MNRAS.338..189M,
   author = {{Maccarone}, T.~J. and {Coppi}, P.~S.},
    title = "{Hysteresis in the light curves of soft X-ray transients}",
  journal = {\mnras},
   eprint = {astro-ph/0209116},
 keywords = {accretion, accretion discs, X-rays: binaries, X-rays: individual: Aql X-1},
     year = 2003,
    month = jan,
   volume = 338,
    pages = {189-196},
      doi = {10.1046/j.1365-8711.2003.06040.x},
   adsurl = {http://adsabs.harvard.edu/abs/2003MNRAS.338..189M},
  adsnote = {Provided by the SAO/NASA Astrophysics Data System}
}

@ARTICLE{1995PASP..107.1207N,
   author = {{Nowak}, M.~A.},
    title = "{Toward a Unified View of Black-Hole High-Energy States}",
  journal = {\pasp},
   eprint = {astro-ph/9509046},
 keywords = {BLACK HOLE PHYSICS},
     year = 1995,
    month = dec,
   volume = 107,
    pages = {1207},
      doi = {10.1086/133679},
   adsurl = {http://adsabs.harvard.edu/abs/1995PASP..107.1207N},
  adsnote = {Provided by the SAO/NASA Astrophysics Data System}
}

@ARTICLE{2003MNRAS.345L..19M,
   author = {{Maccarone}, T.~J. and {Gallo}, E. and {Fender}, R.},
    title = "{The connection between radio-quiet active galactic nuclei and the high/soft state of X-ray binaries}",
  journal = {\mnras},
   eprint = {astro-ph/0309137},
 keywords = {accretion, accretion discs, galaxies: jets, quasars: general, galaxies: Seyfert, X-rays: binaries},
     year = 2003,
    month = oct,
   volume = 345,
    pages = {L19-L24},
      doi = {10.1046/j.1365-8711.2003.07161.x},
   adsurl = {http://adsabs.harvard.edu/abs/2003MNRAS.345L..19M},
  adsnote = {Provided by the SAO/NASA Astrophysics Data System}
}

@ARTICLE{2012Sci...337..540F,
   author = {{Fender}, R. and {Belloni}, T.},
    title = "{Stellar-Mass Black Holes and Ultraluminous X-ray Sources}",
  journal = {Science},
archivePrefix = "arXiv",
   eprint = {1208.1138},
 primaryClass = "astro-ph.HE",
     year = 2012,
    month = aug,
   volume = 337,
    pages = {540},
      doi = {10.1126/science.1221790},
   adsurl = {http://adsabs.harvard.edu/abs/2012Sci...337..540F},
  adsnote = {Provided by the SAO/NASA Astrophysics Data System}
}

@ARTICLE{2004A&A...414..895F,
   author = {{Falcke}, H. and {K{\"o}rding}, E. and {Markoff}, S.},
    title = "{A scheme to unify low-power accreting black holes. Jet-dominated accretion flows and the radio/X-ray correlation}",
  journal = {\aap},
   eprint = {astro-ph/0305335},
 keywords = {X-rays: binaries, radiation mechanisms: non-thermal, stars: winds, outflows, black hole physics, accretion, accretion disks},
     year = 2004,
    month = feb,
   volume = 414,
    pages = {895-903},
      doi = {10.1051/0004-6361:20031683},
   adsurl = {http://adsabs.harvard.edu/abs/2004A%26A...414..895F},
  adsnote = {Provided by the SAO/NASA Astrophysics Data System}
}

@ARTICLE{2006MNRAS.372.1366K,
   author = {{K{\"o}rding}, E.~G. and {Jester}, S. and {Fender}, R.},
    title = "{Accretion states and radio loudness in active galactic nuclei: analogies with X-ray binaries}",
  journal = {\mnras},
   eprint = {astro-ph/0608628},
 keywords = {accretion, accretion discs, black hole physics, ISM: jets and outflows, galaxies: active, quasars: general, X-rays: binaries},
     year = 2006,
    month = nov,
   volume = 372,
    pages = {1366-1378},
      doi = {10.1111/j.1365-2966.2006.10954.x},
   adsurl = {http://adsabs.harvard.edu/abs/2006MNRAS.372.1366K},
  adsnote = {Provided by the SAO/NASA Astrophysics Data System}
}

@ARTICLE{2004ApJ...610..378P,
   author = {{Park}, S.~Q. and {Miller}, J.~M. and {McClintock}, J.~E. and 
	{Remillard}, R.~A. and {Orosz}, J.~A. and {Shrader}, C.~R. and 
	{Hunstead}, R.~W. and {Campbell-Wilson}, D. and {Ishwara-Chandra}, C.~H. and 
	{Rao}, A.~P. and {Rupen}, M.~P.},
    title = "{Spectral and Timing Evolution of the Black Hole X-Ray Nova 4U 1543-47 during Its 2002 Outburst}",
  journal = {\apj},
   eprint = {astro-ph/0308363},
 keywords = {Accretion, Accretion Disks, Stars: Binaries: Close, Black Hole Physics, Stars: Individual: Constellation Name: IL Lupi, Stars: Individual: Alphanumeric: 4U 1543-47, X-Rays: Stars},
     year = 2004,
    month = jul,
   volume = 610,
    pages = {378-389},
      doi = {10.1086/421511},
   adsurl = {http://adsabs.harvard.edu/abs/2004ApJ...610..378P},
  adsnote = {Provided by the SAO/NASA Astrophysics Data System}
}

@ARTICLE{1999ApJ...520..776S,
   author = {{Sobczak}, G.~J. and {McClintock}, J.~E. and {Remillard}, R.~A. and 
	{Bailyn}, C.~D. and {Orosz}, J.~A.},
    title = "{RXTE Spectral Observations of the 1996-1997 Outburst of the Microquasar GRO J1655-40}",
  journal = {\apj},
   eprint = {astro-ph/9809195},
 keywords = {BLACK HOLE PHYSICS, STARS: INDIVIDUAL (GRO J1655-40), X-RAYS: STARS, Black Hole Physics, stars: individual (GRO J1655-40), X-Rays: Stars},
     year = 1999,
    month = aug,
   volume = 520,
    pages = {776-787},
      doi = {10.1086/307474},
   adsurl = {http://adsabs.harvard.edu/abs/1999ApJ...520..776S},
  adsnote = {Provided by the SAO/NASA Astrophysics Data System}
}

@ARTICLE{2016ApJ...830L...5H,
   author = {{Homan}, J. and {Neilsen}, J. and {Allen}, J.~L. and {Chakrabarty}, D. and 
	{Fender}, R. and {Fridriksson}, J.~K. and {Remillard}, R.~A. and 
	{Schulz}, N.},
    title = "{Evidence for Simultaneous Jets and Disk Winds in Luminous Low-mass X-Ray Binaries}",
  journal = {\apjl},
archivePrefix = "arXiv",
   eprint = {1606.07954},
 primaryClass = "astro-ph.HE",
 keywords = {accretion, accretion disks, stars: jets, stars: winds, outflows, X-rays: individual: GX 13+1},
     year = 2016,
    month = oct,
   volume = 830,
      eid = {L5},
    pages = {L5},
      doi = {10.3847/2041-8205/830/1/L5},
   adsurl = {http://adsabs.harvard.edu/abs/2016ApJ...830L...5H},
  adsnote = {Provided by the SAO/NASA Astrophysics Data System}
}

@ARTICLE{2012MNRAS.422.1880O,
   author = {{Owen}, J.~E. and {Clarke}, C.~J. and {Ercolano}, B.},
    title = "{On the theory of disc photoevaporation}",
  journal = {\mnras},
archivePrefix = "arXiv",
   eprint = {1112.1087},
 primaryClass = "astro-ph.SR",
 keywords = {accretion, accretion discs, circumstellar matter, protoplanetary discs, planetary systems, stars: pre-main-sequence, X-rays: stars},
     year = 2012,
    month = may,
   volume = 422,
    pages = {1880-1901},
      doi = {10.1111/j.1365-2966.2011.20337.x},
   adsurl = {http://adsabs.harvard.edu/abs/2012MNRAS.422.1880O},
  adsnote = {Provided by the SAO/NASA Astrophysics Data System}
}

@ARTICLE{2018MNRAS.476.4395B,
   author = {{Bu}, D.-F. and {Yang}, X.-H.},
    title = "{Thermal wind from hot accretion flows at large radii}",
  journal = {\mnras},
archivePrefix = "arXiv",
   eprint = {1801.01616},
 primaryClass = "astro-ph.HE",
 keywords = {accretion, accretion discs, black hole physics, hydrodynamics},
     year = 2018,
    month = jun,
   volume = 476,
    pages = {4395-4402},
      doi = {10.1093/mnras/sty053},
   adsurl = {http://adsabs.harvard.edu/abs/2018MNRAS.476.4395B},
  adsnote = {Provided by the SAO/NASA Astrophysics Data System}
}

@ARTICLE{2014SSRv..183..223C,
   author = {{Casares}, J. and {Jonker}, P.~G.},
    title = "{Mass Measurements of Stellar and Intermediate-Mass Black Holes}",
  journal = {\ssr},
archivePrefix = "arXiv",
   eprint = {1311.5118},
 primaryClass = "astro-ph.HE",
 keywords = {Black holes, X-ray binaries, Accretion disks},
     year = 2014,
    month = sep,
   volume = 183,
    pages = {223-252},
      doi = {10.1007/s11214-013-0030-6},
   adsurl = {http://adsabs.harvard.edu/abs/2014SSRv..183..223C},
  adsnote = {Provided by the SAO/NASA Astrophysics Data System}
}

@ARTICLE{2016AN....337..512P,
   author = {{Ponti}, G. and {Bianchi}, S. and {Mu{\~n}oz-Darias}, T. and 
	{De}, K. and {Fender}, R. and {Merloni}, A.},
    title = "{High ionisation absorption in low mass X-ray binaries}",
  journal = {Astronomische Nachrichten},
archivePrefix = "arXiv",
   eprint = {1510.08902},
 primaryClass = "astro-ph.HE",
 keywords = {accretion, accretion disks, stars: winds, outflows, techniques: spectroscopic, X-rays: binaries, X-rays: individuals (AX J1745.6-2901, EXO0748-676)},
     year = 2016,
    month = may,
   volume = 337,
    pages = {512-517},
      doi = {10.1002/asna.201612339},
   adsurl = {http://adsabs.harvard.edu/abs/2016AN....337..512P},
  adsnote = {Provided by the SAO/NASA Astrophysics Data System}
}

@ARTICLE{2005MNRAS.357..295O,
   author = {{Okuda}, T. and {Teresi}, V. and {Toscano}, E. and {Molteni}, D.
	},
    title = "{Black hole accretion discs and jets at super-Eddington luminosity}",
  journal = {\mnras},
   eprint = {astro-ph/0411743},
 keywords = {accretion, accretion discs, black hole physics, hydrodynamics, radiation mechanisms: thermal, X-rays: individual: SS 433},
     year = 2005,
    month = feb,
   volume = 357,
    pages = {295-303},
      doi = {10.1111/j.1365-2966.2005.08647.x},
   adsurl = {http://adsabs.harvard.edu/abs/2005MNRAS.357..295O},
  adsnote = {Provided by the SAO/NASA Astrophysics Data System}
}

@ARTICLE{1988ApJ...332..646A,
   author = {{Abramowicz}, M.~A. and {Czerny}, B. and {Lasota}, J.~P. and 
	{Szuszkiewicz}, E.},
    title = "{Slim accretion disks}",
  journal = {\apj},
 keywords = {Accretion Disks, Astronomical Models, Black Holes (Astronomy), Stellar Mass Accretion, Computational Astrophysics, Eddington Approximation, Navier-Stokes Equation, Roche Limit},
     year = 1988,
    month = sep,
   volume = 332,
    pages = {646-658},
      doi = {10.1086/166683},
   adsurl = {http://adsabs.harvard.edu/abs/1988ApJ...332..646A},
  adsnote = {Provided by the SAO/NASA Astrophysics Data System}
}


@ARTICLE{2016A&A...587A..13L,
   author = {{Lasota}, J.-P. and {Vieira}, R.~S.~S. and {Sadowski}, A. and 
	{Narayan}, R. and {Abramowicz}, M.~A.},
    title = "{The slimming effect of advection on black-hole accretion flows}",
  journal = {\aap},
archivePrefix = "arXiv",
   eprint = {1510.09152},
 primaryClass = "astro-ph.HE",
 keywords = {accretion, accretion disks, black hole physics},
     year = 2016,
    month = mar,
   volume = 587,
      eid = {A13},
    pages = {A13},
      doi = {10.1051/0004-6361/201527636},
   adsurl = {http://adsabs.harvard.edu/abs/2016A%26A...587A..13L},
  adsnote = {Provided by the SAO/NASA Astrophysics Data System}
}

@ARTICLE{2001MNRAS.323L..26U,
   author = {{Uttley}, P. and {McHardy}, I.~M.},
    title = "{The flux-dependent amplitude of broadband noise variability in X-ray binaries and active galaxies}",
  journal = {\mnras},
   eprint = {astro-ph/0103367},
 keywords = {GALAXIES: ACTIVE, GALAXIES: SEYFERT, X-RAYS: INDIVIDUAL: CYG X-1, X-RAYS: INDIVIDUAL: SAX J1808.4-3658, X-RAYS: STARS},
     year = 2001,
    month = may,
   volume = 323,
    pages = {L26-L30},
      doi = {10.1046/j.1365-8711.2001.04496.x},
   adsurl = {http://adsabs.harvard.edu/abs/2001MNRAS.323L..26U},
  adsnote = {Provided by the SAO/NASA Astrophysics Data System}
}

@ARTICLE{2015SciA....1E0686S,
   author = {{Scaringi}, S. and {Maccarone}, T.~J. and {Kording}, E. and 
	{Knigge}, C. and {Vaughan}, S. and {Marsh}, T.~R. and {Aranzana}, E. and 
	{Dhillon}, V.~S. and {Barros}, S.~C.~C.},
    title = "{Accretion-induced variability links young stellar objects, white dwarfs, and black holes}",
  journal = {Science Advances},
archivePrefix = "arXiv",
   eprint = {1510.02471},
 primaryClass = "astro-ph.HE",
     year = 2015,
    month = oct,
   volume = 1,
    pages = {e1500686-e1500686},
      doi = {10.1126/sciadv.1500686},
   adsurl = {http://adsabs.harvard.edu/abs/2015SciA....1E0686S},
  adsnote = {Provided by the SAO/NASA Astrophysics Data System}
}

@ARTICLE{2014MNRAS.438.1233S,
   author = {{Scaringi}, S.},
    title = "{A physical model for the flickering variability in cataclysmic variables}",
  journal = {\mnras},
archivePrefix = "arXiv",
   eprint = {1311.6814},
 keywords = {accretion, accretion discs, binaries: close, stars: individual: MV Lyrae},
     year = 2014,
    month = feb,
   volume = 438,
    pages = {1233-1241},
      doi = {10.1093/mnras/stt2270},
   adsurl = {http://adsabs.harvard.edu/abs/2014MNRAS.438.1233S},
  adsnote = {Provided by the SAO/NASA Astrophysics Data System}
}

@ARTICLE{2013MNRAS.431.2535S,
   author = {{Scaringi}, S. and {K{\"o}rding}, E. and {Groot}, P.~J. and 
	{Uttley}, P. and {Marsh}, T. and {Knigge}, C. and {Maccarone}, T. and 
	{Dhillon}, V.~S.},
    title = "{Discovery of Fourier-dependent time lags in cataclysmic variables}",
  journal = {\mnras},
archivePrefix = "arXiv",
   eprint = {1302.5422},
 keywords = {accretion, accretion discs, binaries: close, stars: individual: MV Lyr, stars: individual: LU Cam, novae, cataclysmic variables, X-rays: binaries},
     year = 2013,
    month = may,
   volume = 431,
    pages = {2535-2541},
      doi = {10.1093/mnras/stt347},
   adsurl = {http://adsabs.harvard.edu/abs/2013MNRAS.431.2535S},
  adsnote = {Provided by the SAO/NASA Astrophysics Data System}
}

@ARTICLE{2012MNRAS.421.2854S,
   author = {{Scaringi}, S. and {K{\"o}rding}, E. and {Uttley}, P. and {Knigge}, C. and 
	{Groot}, P.~J. and {Still}, M.},
    title = "{The universal nature of accretion-induced variability: the rms-flux relation in an accreting white dwarf}",
  journal = {\mnras},
archivePrefix = "arXiv",
   eprint = {1201.0759},
 primaryClass = "astro-ph.SR",
 keywords = {accretion, accretion discs, black hole physics, binaries: close, stars: individual: MV Lyrae, novae, cataclysmic variables, stars: oscillations},
     year = 2012,
    month = apr,
   volume = 421,
    pages = {2854-2860},
      doi = {10.1111/j.1365-2966.2012.20512.x},
   adsurl = {http://adsabs.harvard.edu/abs/2012MNRAS.421.2854S},
  adsnote = {Provided by the SAO/NASA Astrophysics Data System}
}

@ARTICLE{2008Sci...320.1318K,
   author = {{K{\"o}rding}, E. and {Rupen}, M. and {Knigge}, C. and {Fender}, R. and 
	{Dhawan}, V. and {Templeton}, M. and {Muxlow}, T.},
    title = "{A Transient Radio Jet in an Erupting Dwarf Nova}",
  journal = {Science},
archivePrefix = "arXiv",
   eprint = {0806.1002},
     year = 2008,
    month = jun,
   volume = 320,
    pages = {1318},
      doi = {10.1126/science.1155492},
   adsurl = {http://adsabs.harvard.edu/abs/2008Sci...320.1318K},
  adsnote = {Provided by the SAO/NASA Astrophysics Data System}
}

@ARTICLE{2018MNRAS.481.2140A,
   author = {{Aranzana}, E. and {Scaringi}, S. and {K{\"o}rding}, E. and 
	{Dhillon}, V.~S. and {Coppejans}, D.~L.},
    title = "{Fourier time lags in the dwarf nova SS Cygni}",
  journal = {\mnras},
archivePrefix = "arXiv",
   eprint = {1808.09253},
 primaryClass = "astro-ph.SR",
 keywords = {accretion, accretion discs, binaries: close, stars: individual: SS Cyg, novae, cataclysmic variables},
     year = 2018,
    month = dec,
   volume = 481,
    pages = {2140-2147},
      doi = {10.1093/mnras/sty2367},
   adsurl = {http://adsabs.harvard.edu/abs/2018MNRAS.481.2140A},
  adsnote = {Provided by the SAO/NASA Astrophysics Data System}
}

@ARTICLE{2015MNRAS.448.2430V,
   author = {{Van de Sande}, M. and {Scaringi}, S. and {Knigge}, C.},
    title = "{The rms-flux relation in accreting white dwarfs: another nova-like variable and the first dwarf nova}",
  journal = {\mnras},
archivePrefix = "arXiv",
   eprint = {1501.05295},
 primaryClass = "astro-ph.SR",
 keywords = {accretion, accretion discs, binaries: close, stars: dwarf novae, stars: individual: V1504 Cyg, stars: individual: KIC 8751494, novae, cataclysmic variables},
     year = 2015,
    month = apr,
   volume = 448,
    pages = {2430-2437},
      doi = {10.1093/mnras/stv157},
   adsurl = {http://adsabs.harvard.edu/abs/2015MNRAS.448.2430V},
  adsnote = {Provided by the SAO/NASA Astrophysics Data System}
}

@ARTICLE{1995ApJ...454..410G,
   author = {{Gayley}, K.~G.},
    title = "{An Improved Line-Strength Parameterization in Hot-Star Winds}",
  journal = {\apj},
 keywords = {LINE: FORMATION, STARS: EARLY-TYPE, STARS: MASS LOSS, STARS: WOLF-RAYET},
     year = 1995,
    month = nov,
   volume = 454,
    pages = {410},
      doi = {10.1086/176492},
   adsurl = {http://adsabs.harvard.edu/abs/1995ApJ...454..410G},
  adsnote = {Provided by the SAO/NASA Astrophysics Data System}
}

@ARTICLE{2015ApJ...814...87M,
   author = {{Miller}, J.~M. and {Fabian}, A.~C. and {Kaastra}, J. and {Kallman}, T. and 
	{King}, A.~L. and {Proga}, D. and {Raymond}, J. and {Reynolds}, C.~S.
	},
    title = "{Powerful, Rotating Disk Winds from Stellar-mass Black Holes}",
  journal = {\apj},
archivePrefix = "arXiv",
   eprint = {1510.01177},
 primaryClass = "astro-ph.HE",
 keywords = {accretion, accretion disks, black hole physics, X-rays: binaries},
     year = 2015,
    month = dec,
   volume = 814,
      eid = {87},
    pages = {87},
      doi = {10.1088/0004-637X/814/2/87},
   adsurl = {http://adsabs.harvard.edu/abs/2015ApJ...814...87M},
  adsnote = {Provided by the SAO/NASA Astrophysics Data System}
}

@ARTICLE{2016ApJ...821L...9M,
   author = {{Miller}, J.~M. and {Raymond}, J. and {Fabian}, A.~C. and {Gallo}, E. and 
	{Kaastra}, J. and {Kallman}, T. and {King}, A.~L. and {Proga}, D. and 
	{Reynolds}, C.~S. and {Zoghbi}, A.},
    title = "{The Accretion Disk Wind in the Black Hole GRS 1915+105}",
  journal = {\apjl},
archivePrefix = "arXiv",
   eprint = {1603.01474},
 primaryClass = "astro-ph.HE",
 keywords = {accretion, accretion disks, black hole physics, X-rays: binaries},
     year = 2016,
    month = apr,
   volume = 821,
      eid = {L9},
    pages = {L9},
      doi = {10.3847/2041-8205/821/1/L9},
   adsurl = {http://adsabs.harvard.edu/abs/2016ApJ...821L...9M},
  adsnote = {Provided by the SAO/NASA Astrophysics Data System}
}


